<?xml version="1.0" encoding="UTF-8"?><collection xmlns="http://www.loc.gov/MARC21/slim"><record><leader>00597nam--2200181-i-4500</leader><controlfield tag="001">000028880</controlfield><controlfield tag="002">20161230</controlfield><controlfield tag="005">20161230201037</controlfield><controlfield tag="008">060222s1000------------r-----000-0-eng-d</controlfield><datafield ind1=" " ind2=" " tag="040"><subfield code="a">IFIN-HH</subfield></datafield><datafield ind1=" " ind2=" " tag="080"><subfield code="a">539.14:539.125.5.03</subfield></datafield><datafield ind1="1" ind2=" " tag="100"><subfield code="a">Ero, J</subfield></datafield><datafield ind1="1" ind2="0" tag="245"><subfield code="a">Nuclear structure study with neutrons</subfield><subfield code="b">Proceedings of the international conference on nuclear structure study with neutrons budapest, 31 july - 5 august 1972</subfield><subfield code="c">J. ero, j. szucs (eds.)</subfield></datafield><datafield ind1=" " ind2=" " tag="260"><subfield code="a">Budapest</subfield><subfield code="b">Akademiai Kiado</subfield><subfield code="c">1974</subfield></datafield><datafield ind1=" " ind2=" " tag="300"><subfield code="a">514P</subfield></datafield><datafield ind1="1" ind2=" " tag="700"><subfield code="a">Szucs, J</subfield><subfield code="e">Ed</subfield></datafield><datafield ind1=" " ind2=" " tag="852"><subfield code="a">41424</subfield><subfield code="c">539.14</subfield></datafield><datafield ind1=" " ind2=" " tag="CAT"><subfield code="a">Sys</subfield><subfield code="c">20120330</subfield><subfield code="h">113944</subfield></datafield></record></collection>